<?xml version="1.0" encoding="UTF-8"?><collection xmlns="http://www.loc.gov/MARC21/slim"><record><leader>00547nam--2200193-i-4500</leader><controlfield tag="001">000036227</controlfield><controlfield tag="002">20161230</controlfield><controlfield tag="005">20161230201040</controlfield><controlfield tag="008">060222s1000------------r-----000-0-rus-d</controlfield><datafield ind1=" " ind2=" " tag="040"><subfield code="a">IFIN-HH</subfield></datafield><datafield ind1=" " ind2=" " tag="041"><subfield code="a">rus</subfield></datafield><datafield ind1=" " ind2=" " tag="080"><subfield code="a">537.226.33</subfield></datafield><datafield ind1="1" ind2=" " tag="100"><subfield code="a">Smolenskii, G.A</subfield></datafield><datafield ind1="1" ind2="0" tag="245"><subfield code="a">Segneto-elektriki i antisegneto-elektriki</subfield><subfield code="c">G.a. smolenskii; v.a. bokov; v.a. isupov; n.n. krainik; r.e. pasinkov; m.s. shur</subfield></datafield><datafield ind1=" " ind2=" " tag="260"><subfield code="a">Leningrad</subfield><subfield code="b">Nauka</subfield><subfield code="c">1971</subfield></datafield><datafield ind1=" " ind2=" " tag="300"><subfield code="a">476P</subfield></datafield><datafield ind1="1" ind2=" " tag="700"><subfield code="a">Shur, M.S</subfield></datafield><datafield ind1=" " ind2=" " tag="852"><subfield code="a">53025</subfield><subfield code="c">537.226</subfield></datafield><datafield ind1=" " ind2=" " tag="CAT"><subfield code="a">Sys</subfield><subfield code="c">20110706</subfield><subfield code="h">103612</subfield></datafield></record></collection>